<?xml version="1.0" encoding="UTF-8"?><collection xmlns="http://www.loc.gov/MARC21/slim"><record><leader>00527nam--2200169-i-4500</leader><controlfield tag="001">000028257</controlfield><controlfield tag="002">20161230</controlfield><controlfield tag="005">20161230201037</controlfield><controlfield tag="008">060222s1000------------r-----000-0-eng-d</controlfield><datafield ind1=" " ind2=" " tag="040"><subfield code="a">IFIN-HH</subfield></datafield><datafield ind1=" " ind2=" " tag="080"><subfield code="a">519.63</subfield></datafield><datafield ind1=" " ind2=" " tag="100"><subfield code="a">Kubicek, M., Marek, M</subfield></datafield><datafield ind1=" " ind2=" " tag="245"><subfield code="a">Computational methods in bifurcation theory and dissipative structures.with 91 illustrations</subfield></datafield><datafield ind1=" " ind2=" " tag="260"><subfield code="a">BERLIN, SPRINGER-VERLAG, 1983. VII + 243 p</subfield></datafield><datafield ind1=" " ind2=" " tag="490"><subfield code="a">Springer Series In Computational Physics</subfield></datafield><datafield ind1=" " ind2=" " tag="852"><subfield code="a">72671</subfield><subfield code="c">518.12</subfield></datafield><datafield ind1=" " ind2=" " tag="CAT"><subfield code="a">Sys</subfield><subfield code="c">20090703</subfield><subfield code="h">083246</subfield></datafield></record></collection>